<?xml version="1.0" encoding="UTF-8"?><collection xmlns="http://www.loc.gov/MARC21/slim"><record><leader>00668nam--2200169-i-4500</leader><controlfield tag="001">000018399</controlfield><controlfield tag="002">20161230</controlfield><controlfield tag="005">20161230201032</controlfield><controlfield tag="008">060222s1000------------r-----000-0-eng-d</controlfield><datafield ind1=" " ind2=" " tag="040"><subfield code="a">IFIN-HH</subfield></datafield><datafield ind1=" " ind2=" " tag="080"><subfield code="a">539.591</subfield></datafield><datafield ind1="1" ind2=" " tag="110"><subfield code="a">Academia Republicii Populare Romane ; Institutul De Fizica Atomica</subfield></datafield><datafield ind1="1" ind2="0" tag="245"><subfield code="a">Consfatuirea internationala de raze cosmice bucuresti, 8-14 mai 1959</subfield><subfield code="b">Mejdunarodnoe sovesanie po kosmiceskim luceam buharest, mai 1959 ; international working meeting on cosmic rays bucharest, amy 8-14, 1959</subfield></datafield><datafield ind1=" " ind2=" " tag="260"><subfield code="a">Bucuresti</subfield><subfield code="b">Institutul De Fizica Atomica</subfield><subfield code="c">1960</subfield></datafield><datafield ind1=" " ind2=" " tag="300"><subfield code="a">236 P. LITOGRAFIAT</subfield></datafield><datafield ind1=" " ind2=" " tag="852"><subfield code="a">6053</subfield><subfield code="c">539.13</subfield></datafield><datafield ind1=" " ind2=" " tag="CAT"><subfield code="a">Sys</subfield><subfield code="c">20120222</subfield><subfield code="h">152036</subfield></datafield></record></collection>